@Online{lichtschranke-praxis,
author = "scope-online",
publisher = "scope-online.de",
title = "Der Einsatz einer Lichtschranke in der Praxis",
howpublished = "\url{http://www.scope-online.de/upload_weka/9528582_big_927982.jpg}",
note = {Last Accessed: 12.05.2015}
}

@Online{erweitert-real,
author = "Wikipedia",
publisher = "wikipedia.org",
title = "Erweiterte Realitaet",
howpublished = "\url{http://de.wikipedia.org/wiki/Erweiterte_Realität}",
note = {Last Accessed: 12.05.2015}
}

@Online{moebel-ar,
author = "Wikipedia",
publisher = "wikipedia.org",
title = "Möbel als virtuelle Projektion",
howpublished = "\url{http://upload.wikimedia.org/wikipedia/commons/b/b0/ViewAR_BUTLERS_Screenshot.jpg}",
note = {Last Accessed: 12.05.2015}
}

@Online{navi-ar,
author = "Wikimedia",
publisher = "wikimedia.org",
title = "Möbel als virtuelle Projektion",
howpublished = "\url{http://upload.wikimedia.org/wikipedia/commons/7/7b/MediatedReality_on_iPhone2009_07_13_21_33_39.jpg}",
note = {Last Accessed: 12.05.2015}
}

@Online{notaus-schalter,
author = "Wikimedia",
publisher = "wikimedia.org",
title = "Not-Aus-Betätiger",
howpublished = "\url{http://upload.wikimedia.org/wikipedia/commons/f/f9/Not-Aus_Betätiger.jpg}",
note = {Last Accessed: 12.05.2015}
}

@Online{opt-sensor,
author = "Schoenbuch Electronic",
publisher = "schoenbuch-electronic.de",
title = "Der optische Näherungssensor",
howpublished = "\url{http://www.schoenbuch-electronic.de/fileadmin/_processed_/csm_Bild03_b7e2e079e8.png}",
note = {Last Accessed: 12.05.2015}
}

@Online{potentiometer-aufbau,
author = "fddrsn.net",
publisher = "fddrsn.net",
title = "Aufbau eines Potentiometers",
howpublished = "\url{http://fddrsn.net/pcomp/images/potentiometer1.gif}",
note = {Last Accessed: 12.05.2015}
}

@Online{potentiometer-pic,
author = "Wikimedia",
publisher = "wikimedia.org",
title = "Illustration eines Potentiometers",
howpublished = "\url{http://upload.wikimedia.org/wikipedia/commons/b/b5/Potentiometer.jpg}",
note = {Last Accessed: 12.05.2015}
}

@Online{kapazitiv-sensor,
author = "robini-hannover.de",
publisher = "robini-hannover.de",
title = "Der Aufbau eines Kapazitivsensors",
howpublished = "\url{http://www.robini-hannover.de/robini_glossar/images/kapazitiv-sensor.gif}",
note = {Last Accessed: 12.05.2015}
}

@Online{ar-soccer,
author = "it-material.de",
publisher = "it-material.de",
title = "Augmented Reality bei Fussball-Übertragungen",
howpublished = "\url{http://it-material.de/IT-online5/wp-content/uploads/2012/08/Olympia2012-Brasilien-Mexico-52Min-Abseits.jpg}",
note = {Last Accessed: 12.05.2015}
}

@Online{auto-translate-ar,
author = "Wikimedia",
publisher = "wikimedia.org",
title = "Automatische Texterkennung, -uebersetzung und projektion in der App
	World Lens",
howpublished = "\url{http://upload.wikimedia.org/wikipedia/commons/8/8f/WordLensDemo5Feb2012.jpg}",
note = {Last Accessed: 12.05.2015}
}

@Online{robot-sensors,
author = "Sonja Pieper",
publisher = "uni-muenster.de",
title = "Sensoren und Aktoren von autonomen Robotern",
howpublished = "\url{https://www.uni-muenster.de/imperia/md/content/fachbereich_physik/technik_didaktik/sensoren_aktoren_roboter.pdf}",
note = {Last Accessed: 12.05.2015}
}